/Users/Theo/Jabref/TransientGroundwater.bib